<?xml version="1.0" encoding="UTF-8"?><collection xmlns="http://www.loc.gov/MARC21/slim"><record><leader>00506nam--2200181-u-4500</leader><controlfield tag="001">000053011</controlfield><controlfield tag="002">20161230</controlfield><controlfield tag="005">20161230201050</controlfield><controlfield tag="008">101221s1000------------r-----000-0-rus-d</controlfield><datafield ind1=" " ind2=" " tag="040"><subfield code="a">IFIN-HH</subfield></datafield><datafield ind1=" " ind2=" " tag="041"><subfield code="a">rus</subfield></datafield><datafield ind1=" " ind2=" " tag="080"><subfield code="a">535.374(061.3)</subfield></datafield><datafield ind1="1" ind2=" " tag="110"><subfield code="a">Evropenskoe Fiziceskoe Obshestvo</subfield></datafield><datafield ind1="1" ind2="0" tag="245"><subfield code="a">v. MEJDUNARODNOGO SIMPOZUMA "SVERHBISTRIE PROTESSI V SPECTROSKOPII" VILNIUS, 22-25 AVGUSTA 1987 G</subfield></datafield><datafield ind1=" " ind2=" " tag="260"><subfield code="a">Vilnius</subfield><subfield code="c">1987</subfield></datafield><datafield ind1=" " ind2=" " tag="300"><subfield code="a">309P</subfield></datafield><datafield ind1=" " ind2=" " tag="852"><subfield code="a">78849</subfield><subfield code="c">535.33</subfield></datafield><datafield ind1=" " ind2=" " tag="CAT"><subfield code="a">Sys</subfield><subfield code="c">20101221</subfield><subfield code="h">151320</subfield></datafield></record></collection>